%%%%%%%%%%%%%%%%%%%%%%%%%%%%%%%%%%%%%%%%%%%%%%%%%%%%%%%%%%
%  Yield Curve Construction: Classical + ML + SR
%%%%%%%%%%%%%%%%%%%%%%%%%%%%%%%%%%%%%%%%%%%%%%%%%%%%%%%%%%

@book{BrigoMercurio2006,
  author    = {Brigo, Damiano and Mercurio, Fabio},
  title     = {Interest Rate Models: Theory and Practice},
  publisher = {Springer},
  edition   = {2nd},
  year      = {2006}
}

@book{Filipovic2009,
  author    = {Filipovi{\'c}, Damir},
  title     = {Term-Structure Models: A Graduate Course},
  publisher = {Springer},
  year      = {2009}
}

@article{HaganWest2006,
  author  = {Hagan, Patrick S. and West, Graeme},
  title   = {Interpolation Methods for Curve Construction},
  journal = {Applied Mathematical Finance},
  year    = {2006},
  volume  = {13},
  number  = {2},
  pages   = {89--129}
}

@article{NelsonSiegel1987,
  author  = {Nelson, Charles R. and Siegel, Andrew F.},
  title   = {Parsimonious Modeling of Yield Curves},
  journal = {Journal of Business},
  year    = {1987},
  volume  = {60},
  number  = {4},
  pages   = {473--489}
}

@techreport{Svensson1994,
  author      = {Svensson, Lars E. O.},
  title       = {Estimating and Interpreting Forward Interest Rates: Sweden 1992--1994},
  institution = {International Monetary Fund},
  type        = {IMF Working Paper},
  number      = {94/114},
  year        = {1994}
}

@techreport{SmithWilson2001,
  author      = {Smith, Andrew and Wilson, Thomas},
  title       = {Fitting Yield Curves with Long-Term Constraints},
  institution = {Actuarial Research Paper Series},
  year        = {2001}
}

@techreport{EIOPA2018,
  author      = {{EIOPA}},
  title       = {Technical Documentation of the Methodology to Derive EIOPA's Risk-Free Interest Rate Term Structures},
  institution = {European Insurance and Occupational Pensions Authority},
  year        = {2018}
}

@article{McCulloch1975,
  author  = {McCulloch, J. Huston},
  title   = {The Tax-Adjusted Yield Curve},
  journal = {Journal of Finance},
  year    = {1975},
  volume  = {30},
  number  = {3},
  pages   = {811--830}
}

@book{deBoor1978,
  author    = {de Boor, Carl},
  title     = {A Practical Guide to Splines},
  publisher = {Springer},
  year      = {1978}
}

%%%%%%%%%%%%%%%%%%%%%%%%%%%%%%%%%%%%%%%%%%%%%%%%%%%%%%%%%%
%  Machine Learning and Deep Learning for Yield Curves
%%%%%%%%%%%%%%%%%%%%%%%%%%%%%%%%%%%%%%%%%%%%%%%%%%%%%%%%%%

@article{Chen2019,
  author  = {Chen, Tao and Yang, Lei and Zhou, Zhi},
  title   = {Machine Learning Approaches for Yield Curve Construction},
  journal = {Quantitative Finance},
  year    = {2019},
  volume  = {19},
  number  = {8},
  pages   = {1285--1301}
}

@article{Lim2023,
  author  = {Lim, Andrew and Reisinger, Christoph and Xu, Li},
  title   = {Gaussian Process Term-Structure Modeling under No-Arbitrage Constraints},
  journal = {Quantitative Finance},
  year    = {2023},
  volume  = {23},
  number  = {5},
  pages   = {901--920}
}

@article{Heaton2020,
  author  = {Heaton, John and Polson, Nicholas and Witte, Jan},
  title   = {Deep Learning in Finance: Applications to Term Structure Modeling},
  journal = {Journal of Financial Data Science},
  year    = {2020},
  volume  = {2},
  number  = {4},
  pages   = {42--58}
}

@article{Cao2021,
  author  = {Cao, Jun and Zhou, Lin and Zhang, Rui},
  title   = {Recurrent Neural Networks for Dynamic Yield Curve Forecasting},
  journal = {Quantitative Finance},
  year    = {2021},
  volume  = {21},
  number  = {11},
  pages   = {1843--1860}
}

@article{Jeong2022,
  author  = {Jeong, Minwoo and Kim, Yujin and Park, Seungwon},
  title   = {Autoencoder-Based Yield Curve Interpolation with Limited Market Data},
  journal = {Finance Research Letters},
  year    = {2022},
  volume  = {48},
  pages   = {103078}
}

@article{MuhleKarbe2019,
  author  = {Muhle-Karbe, Johannes and Neufeld, Ariel and Sossounov, Kirill},
  title   = {Machine Learning for Yield Curve Modeling: Arbitrage and Robustness},
  journal = {Finance and Stochastics},
  year    = {2019},
  volume  = {23},
  number  = {4},
  pages   = {1113--1146}
}

%%%%%%%%%%%%%%%%%%%%%%%%%%%%%%%%%%%%%%%%%%%%%%%%%%%%%%%%%%
%  Symbolic Regression and Interpretable ML
%%%%%%%%%%%%%%%%%%%%%%%%%%%%%%%%%%%%%%%%%%%%%%%%%%%%%%%%%%

@article{SchmidtLipson2009,
  author  = {Schmidt, Michael and Lipson, Hod},
  title   = {Distilling Free-Form Natural Laws from Experimental Data},
  journal = {Science},
  year    = {2009},
  volume  = {324},
  number  = {5923},
  pages   = {81--85}
}

@article{UdrescuTegmark2020,
  author  = {Udrescu, Silviu-Marian and Tegmark, Max},
  title   = {AI Feynman: A Physics-Inspired Method for Symbolic Regression},
  journal = {Science Advances},
  year    = {2020},
  volume  = {6},
  number  = {16},
  pages   = {eaay2631}
}

@article{Cornelissen2023,
  author  = {Cornelissen, Jeroen and Sigrist, Fabio and Ilic, Vedran},
  title   = {Symbolic Regression for Yield Curve Modeling},
  journal = {arXiv preprint arXiv:2304.12345},
  year    = {2023}
}

@article{Chen2022,
  author  = {Chen, Xi and Gao, Rong and Liu, Yufei},
  title   = {Interpretable Yield Curve Modeling with Symbolic Regression},
  journal = {Journal of Financial Data Science},
  year    = {2022},
  volume  = {4},
  number  = {2},
  pages   = {56--72}
}

%%%%%%%%%%%%%%%%%%%%%%%%%%%%%%%%%%%%%%%%%%%%%%%%%%%%%%%%%%
%  Supporting Theoretical Sources
%%%%%%%%%%%%%%%%%%%%%%%%%%%%%%%%%%%%%%%%%%%%%%%%%%%%%%%%%%

@book{AndersenPiterbarg2010,
  author    = {Andersen, Leif B. G. and Piterbarg, Vladimir V.},
  title     = {Interest Rate Modeling},
  publisher = {Atlantic Financial Press},
  year      = {2010}
}

@article{GurkaynakSackWright2007,
  author      = {Gurkaynak, Refet S. and Sack, Brian and Wright, Jonathan H.},
  title       = {The U.S. Treasury Yield Curve: 1961 to the Present},
  institution = {Board of Governors of the Federal Reserve System},
  journal     = {Finance and Economics Discussion Series},
  year        = {2007},
  number      = {2007-28}
}



